<?xml version="1.0" encoding="UTF-8"?><collection xmlns="http://www.loc.gov/MARC21/slim"><record><leader>00448nam--2200169-i-4500</leader><controlfield tag="001">000022567</controlfield><controlfield tag="002">20161230</controlfield><controlfield tag="005">20170211155405</controlfield><controlfield tag="008">060222s1000------------r-----000-0-eng-d</controlfield><datafield ind1=" " ind2=" " tag="080"><subfield code="a">62-501</subfield></datafield><datafield ind1=" " ind2=" " tag="100"><subfield code="a">Hancock, John C</subfield></datafield><datafield ind1=" " ind2=" " tag="245"><subfield code="a">Signal detection theory</subfield></datafield><datafield ind1=" " ind2=" " tag="260"><subfield code="a">New York</subfield><subfield code="b">Mcgraw-Hill Book Co</subfield><subfield code="c">1966</subfield></datafield><datafield ind1=" " ind2=" " tag="300"><subfield code="a">VIII + 247 p</subfield></datafield><datafield ind1=" " ind2=" " tag="490"><subfield code="a">Mcgraw-hill Electronic Sciences Series</subfield></datafield><datafield ind1=" " ind2=" " tag="700"><subfield code="a">Wintz, Paul A</subfield></datafield><datafield ind1=" " ind2=" " tag="CAT"><subfield code="a">SYS</subfield><subfield code="c">20170211</subfield><subfield code="h">155405</subfield></datafield></record></collection>